@article{Nakamoto2008Bitcoin:System,
    title = {{Bitcoin: A Peer-to-Peer Electronic Cash System}},
    year = {2008},
    journal = {Www.Bitcoin.Org},
    author = {Nakamoto, Satoshi},
    pages = {9},
    url = {www.bitcoin.org https://bitcoin.org/bitcoin.pdf},
    isbn = {978-972-757-716-3},
    doi = {10.1007/s10838-008-9062-0},
    issn = {09254560},
    pmid = {14533183},
    arxivId = {43543534534v343453}
}