@techreport{NakamotoBitcoin:System,
    title = {{Bitcoin: A Peer-to-Peer Electronic Cash System}},
    author = {Nakamoto, Satoshi},
    url = {www.bitcoin.org}
}